<?xml version="1.0" encoding="UTF-8"?><collection xmlns="http://www.loc.gov/MARC21/slim"><record><leader>00413nam--2200121-i-4500</leader><controlfield tag="001">000038795</controlfield><controlfield tag="002">20161230</controlfield><controlfield tag="005">20161230201042</controlfield><controlfield tag="008">060222s1000------------r-----000-0-eng-d</controlfield><datafield ind1=" " ind2=" " tag="080"><subfield code="a">621.039.56</subfield></datafield><datafield ind1=" " ind2=" " tag="245"><subfield code="a">Ricerhe sulla sicurezza degli impianti nucleari. rapporto semestrale 1 gennaio 30 giugno 1969. xxi + 363 p</subfield></datafield><datafield ind1=" " ind2=" " tag="260"><subfield code="a">Pubblicazioni Della Facolta Di Igegneria Dell`Univ.Di Pisa, Xxvii A Serie N</subfield></datafield><datafield ind1=" " ind2=" " tag="852"><subfield code="a">35129</subfield></datafield></record></collection>